<?xml version="1.0" encoding="UTF-8"?><collection xmlns="http://www.loc.gov/MARC21/slim"><record><leader>00403nam--2200145-i-4500</leader><controlfield tag="001">000046300</controlfield><controlfield tag="002">20161230</controlfield><controlfield tag="005">20161230201045</controlfield><controlfield tag="008">060222s1000------------r-----000-0-eng-d</controlfield><datafield ind1=" " ind2=" " tag="080"><subfield code="a">512.77(043)</subfield></datafield><datafield ind1=" " ind2=" " tag="100"><subfield code="a">Velu,Jaques</subfield></datafield><datafield ind1=" " ind2=" " tag="245"><subfield code="a">Courbes elliptiques munies d`un sousgroupe zz/nzzx..</subfield></datafield><datafield ind1=" " ind2=" " tag="260"><subfield code="a">Paris, Univ.Paris Sud, Centre D`Orsay, 1977. /P.Dif.</subfield></datafield><datafield ind1=" " ind2=" " tag="852"><subfield code="a">44985</subfield></datafield><datafield ind1=" " ind2=" " tag="CAT"><subfield code="a">Sys</subfield><subfield code="c">20080513</subfield><subfield code="h">095440</subfield></datafield></record></collection>